<record xmlns="http://www.loc.gov/MARC21/slim" xmlns:xsi="http://www.w3.org/2001/XMLSchema-instance" xsi:schemaLocation="http://www.loc.gov/MARC21/slim http://www.loc.gov/standards/marcxml/schema/MARC21slim.xsd"><leader>     nam a22        4500</leader><controlfield tag="001">3068470</controlfield><controlfield tag="003">NNC</controlfield><controlfield tag="006">m        d        </controlfield><controlfield tag="007">cr cn |||m|||a</controlfield><controlfield tag="008">150316s1962    iq      ob    001 0 araod</controlfield><datafield ind1=" " ind2=" " tag="040"><subfield code="a">NNU</subfield><subfield code="b">eng</subfield><subfield code="e">rda</subfield><subfield code="c">NNU</subfield></datafield><datafield ind1=" " ind2="4" tag="050"><subfield code="a">PJ7741.D5</subfield><subfield code="b">A6 1962</subfield></datafield><datafield ind1="1" ind2=" " tag="100"><subfield code="a">Khuza&#772;&#699;i&#772;, Di&#699;bil ibn &#699;Ali&#772;,</subfield><subfield code="d">765 or 766-860 or 861.</subfield></datafield><datafield ind1="1" ind2="0" tag="240"><subfield code="6">880-01</subfield><subfield code="a">Poems</subfield></datafield><datafield ind1="1" ind2="0" tag="245"><subfield code="6">880-02</subfield><subfield code="a">Di&#772;wa&#772;n Di&#699;bil ibn &#699;Ali&#772; al-Khuza&#772;&#699;i&#772; /</subfield><subfield code="c">jama&#699;ahu wa-h&#803;aqqaqahu wa-qaddama lahu wa-&#699;allaqa &#699;alayhi &#699;Abd al-S&#803;a&#772;h&#803;ib al-Dujayli&#772; al-Khazriji&#772;.</subfield></datafield><datafield ind1=" " ind2=" " tag="260"><subfield code="6">880-03</subfield><subfield code="a">al-Najaf :</subfield><subfield code="b">Mat&#803;ba&#699;at al-A&#772;da&#772;b,</subfield><subfield code="c">1962.</subfield></datafield><datafield ind1=" " ind2=" " tag="300"><subfield code="a">online resource (255 pages)</subfield></datafield><datafield ind1=" " ind2=" " tag="336"><subfield code="a">text</subfield><subfield code="2">rdacontent</subfield></datafield><datafield ind1=" " ind2=" " tag="337"><subfield code="a">computer</subfield><subfield code="2">rdamedia</subfield></datafield><datafield ind1=" " ind2=" " tag="338"><subfield code="a">online resource</subfield><subfield code="2">rdacarrier</subfield></datafield><datafield ind1=" " ind2=" " tag="500"><subfield code="a">Part of the Arabic Collections Online (ACO) project, contributed by Columbia University Libraries.</subfield></datafield><datafield ind1=" " ind2=" " tag="504"><subfield code="a">Includes bibliography and indexes.</subfield></datafield><datafield ind1=" " ind2=" " tag="533"><subfield code="a">Electronic reproduction.</subfield><subfield code="b">New York, N.Y. :</subfield><subfield code="c">New York University,</subfield><subfield code="d">2015.</subfield><subfield code="5">NNU</subfield></datafield><datafield ind1=" " ind2="0" tag="650"><subfield code="a">Arabic poetry</subfield><subfield code="y">750-1258.</subfield></datafield><datafield ind1=" " ind2="7" tag="650"><subfield code="a">Arabic poetry.</subfield><subfield code="2">fast</subfield><subfield code="0">(OCoLC)fst00812533</subfield></datafield><datafield ind1=" " ind2="7" tag="648"><subfield code="a">750 - 1258</subfield><subfield code="2">fast</subfield></datafield><datafield ind1="1" ind2=" " tag="700"><subfield code="a">Dujayli&#772;, &#699;Abd al-S&#803;a&#772;h&#803;ib.</subfield></datafield><datafield ind1="2" ind2=" " tag="710"><subfield code="a">Columbia University.</subfield><subfield code="b">Libraries.</subfield></datafield><datafield ind1="0" ind2=" " tag="730"><subfield code="a">Arabic Collections Online.</subfield></datafield><datafield ind1="0" ind2="8" tag="776"><subfield code="i">Print version:</subfield><subfield code="a">Khuza&#772;&#699;i&#772;, Di&#699;bil ibn &#699;Ali&#772;, 765 or 766-860 or 861.</subfield><subfield code="t">Di&#772;wa&#772;n Di&#699;bil ibn &#699;Ali&#772; al-Khuza&#772;&#699;i&#772;</subfield><subfield code="w">(NNC)3068470</subfield><subfield code="w">(OCoLC)15270164</subfield></datafield><datafield ind1="4" ind2="0" tag="856"><subfield code="u">http://hdl.handle.net/2333.1/hx3ffdrh</subfield></datafield><datafield ind1="1" ind2=" " tag="880"><subfield code="6">100-00/r</subfield><subfield code="a">&#1582;&#1586;&#1575;&#1593;&#1610;&#1548; &#1583;&#1593;&#1576;&#1604; &#1576;&#1606; &#1593;&#1604;&#1610;.</subfield></datafield><datafield ind1="1" ind2="0" tag="880"><subfield code="6">240-01/r</subfield><subfield code="a">&#1571;&#1588;&#1593;&#1575;&#1585;</subfield></datafield><datafield ind1="1" ind2="0" tag="880"><subfield code="6">245-02/r</subfield><subfield code="a">&#1583;&#1610;&#1608;&#1575;&#1606; &#1583;&#1593;&#1576;&#1604; &#1576;&#1606; &#1593;&#1604;&#1610; &#1575;&#1604;&#1582;&#1586;&#1575;&#1593;&#1610; /</subfield><subfield code="c">&#1580;&#1605;&#1593;&#1607; &#1608;&#1581;&#1602;&#1602;&#1607; &#1608;&#1602;&#1583;&#1605; &#1604;&#1607; &#1608;&#1593;&#1604;&#1602; &#1593;&#1604;&#1610;&#1607; &#1593;&#1576;&#1583; &#1575;&#1604;&#1589;&#1575;&#1581;&#1576; &#1575;&#1604;&#1583;&#1580;&#1610;&#1604;&#1610; &#1575;&#1604;&#1582;&#1586;&#1585;&#1580;&#1610;.</subfield></datafield><datafield ind1=" " ind2=" " tag="880"><subfield code="6">260-03/r</subfield><subfield code="a">&#1575;&#1604;&#1606;&#1580;&#1601; :</subfield><subfield code="b">&#1605;&#1591;&#1576;&#1593;&#1577; &#1575;&#1604;&#1570;&#1583;&#1575;&#1576;&#1548;</subfield><subfield code="c">&#1633;&#1641;&#1638;&#1634;.</subfield></datafield><datafield ind1="1" ind2=" " tag="880"><subfield code="6">700-00/r</subfield><subfield code="a">&#1583;&#1580;&#1610;&#1604;&#1610;&#1548; &#1593;&#1576;&#1583; &#1575;&#1604;&#1589;&#1575;&#1581;&#1576;.</subfield></datafield><datafield ind1=" " ind2=" " tag="959"><subfield code="a">NNU</subfield><subfield code="b">WEB</subfield><subfield code="c">GENI</subfield><subfield code="t">0</subfield><subfield code="m">Electronic access</subfield><subfield code="s">01</subfield></datafield><datafield ind1=" " ind2=" " tag="999"><subfield code="i">NNC_3068470</subfield><subfield code="o">(OCoLC)ocm15270164 </subfield><subfield code="s">columbia_aco000345</subfield><subfield code="e">(ERROR-880)</subfield></datafield></record>